
@article{robert1939,
  title = {The Delayed Neutron Emission which Accompanies Fission of Uranium and Thorium},
  author = {Roberts, R. B. and Hafstad, L. R. and Meyer, R. C. and Wang, P.},
  journal = {Phys. Rev.},
  volume = {55},
  issue = {7},
  pages = {664--664},
  numpages = {0},
  year = {1939},
  month = {Apr},
  publisher = {American Physical Society},
  doi = {10.1103/PhysRev.55.664},
}
%%


@article{moller2016,
  title = {Neutron-$\ensuremath{\gamma}$ competition for $\ensuremath{\beta}$-delayed neutron emission},
  author = {Mumpower, M. R. and Kawano, T. and M\"oller, P.},
  journal = {Phys. Rev. C},
  volume = {94},
  issue = {6},
  pages = {064317},
  numpages = {8},
  year = {2016},
  month = {Dec},
  publisher = {American Physical Society},
  doi = {10.1103/PhysRevC.94.064317},
}

    @article{FUKUDA2013323,
title = "Identification and separation of radioactive isotope beams by the BigRIPS separator at the RIKEN RI Beam Factory",
journal = "Nuclear Instruments and Methods in Physics Research Section B: Beam Interactions with Materials and Atoms",
volume = "317",
pages = "323 - 332",
year = "2013",
issn = "0168-583X",
doi = "https://doi.org/10.1016/j.nimb.2013.08.048",
author = "N. Fukuda and T. Kubo and T. Ohnishi and N. Inabe and H. Takeda and D. Kameda and H. Suzuki",
}
%%
  @manual{rikenasc,
      title  = "Accelerator-Overview",
      author = "Osamu Kamigaito",
      note  = "\url{http://www.nishina.riken.jp/RIBF/accelerator/overview.html}",
      year   = "2018 (accessed November 8, 2018)"
    }

%%
 @manual{ysospecs,
      title  = "YSO Scintillation Crystal",
      author= "X-Z lab",
      note   = "\url{https://www.x-zlab.com/product/yso-scintillation-crystal/}",
      year   = "2018 (accessed November 8, 2018)"
    }
%%
@article{gw170817,
  title = {GW170817: Observation of Gravitational Waves from a Binary Neutron Star Inspiral},
  author = {Abbott et al, B. P. },
  collaboration = {LIGO Scientific Collaboration and Virgo Collaboration},
  journal = {Phys. Rev. Lett.},
  volume = {119},
  issue = {16},
  pages = {161101},
  numpages = {18},
  year = {2017},
  month = {Oct},
  publisher = {American Physical Society},
  doi = {10.1103/PhysRevLett.119.161101},
 }
%%
@article{rutherford,
  author={M Leone and N Robotti and G Verna},
  title={‘Rutherford’s experiment’ on alpha particles scattering: the experiment that never was},
  journal={Physics Education},
  volume={53},
  number={3},
  pages={035003},
  year={2018},
}
%%
@article{YSOradiationdamage,
title = "Radiation damage effects in Y2SiO5:Ce scintillation crystals under $\ensuremath{\gamma}$-quanta and 24GeV protons",
journal = "Nuclear Instruments and Methods in Physics Research Section A: Accelerators, Spectrometers, Detectors and Associated Equipment",
volume = "783",
pages = "117 - 120",
year = "2015",
issn = "0168-9002",
doi = "https://doi.org/10.1016/j.nima.2015.02.038",
author = "E. Auffray and A. Borisevitch and A. Gektin and Ia. Gerasymov and M. Korjik and D. Kozlov and D. Kurtsev and V. Mechinsky and O. Sidletskiy and R. Zoueyski",
keywords = "Yttrium orthosilicate, Radiation damage, Large hadron collider",
}
%%
@INPROCEEDINGS{ysospecifications,
author={H. E. Rothfuss and C. L. Melcher and L. Eriksson and M. Eriksson and R. Grazioso},
booktitle={2007 IEEE Nuclear Science Symposium Conference Record},
title={Scintillation kinetics of YSO:Ce},
year={2007},
volume={2},
pages={1401-1403},
doi={10.1109/NSSMIC.2007.4437261},
ISSN={1082-3654},
month={Oct},
}
%%
@article{burbridge,
  title = {Synthesis of the Elements in Stars},
  author = {Burbidge, E. Margaret and Burbidge, G. R. and Fowler, William A. and Hoyle, F.},
  journal = {Rev. Mod. Phys.},
  volume = {29},
  issue = {4},
  pages = {547--650},
  numpages = {0},
  year = {1957},
  month = {Oct},
  publisher = {American Physical Society},
  doi = {10.1103/RevModPhys.29.547},
}

@article{Phenomenoliogical,
title = "Status of delayed-neutron precursor data: half-lives and neutron emission probabilities",
journal = "Progress in Nuclear Energy",
volume = "41",
number = "1",
pages = "39 - 69",
year = "2002",
issn = "0149-1970",
author = "Bernd Pfeiffer and Karl-Ludwig Kratz and Peter Möller",
abstract = "We present in this paper a compilation of the present status of experimental delayed-neutron precursor data; i.e. β-decay half-lives (T1/2) and neutron emission probabilities (Pn) in the fission-product region (27 ≤ Z ≤ 57). These data are compared to two model predictions of substantially different sophistication: (i) an update of the empirical Kratz-Herrmann formula (KHF), and (ii) a unified macroscopic-microscopic model within the quasi-particle random-phase approximation (QRPA). Both models are also used to calculate so far unknown T1/2 and Pn values up to Z = 63. A number of possible refinements in the microscopic calculations are suggested to further improve the nuclear-physics foundation of these data for reactor and astrophysical applications."
}

@article{shellmodelhalflives,
  title = {Shell-Model Half-Lives for $\mathit{N}\phantom{\rule{0ex}{0ex}}=\phantom{\rule{0ex}{0ex}}82$ Nuclei and Their Implications for the $\mathit{r}$ Process},
  author = {Mart\'{\i}nez-Pinedo and G. and Langanke and K.},
  journal = {Phys. Rev. Lett.},
  volume = {83},
  issue = {22},
  pages = {4502--4505},
  numpages = {0},
  year = {1999},
  month = {Nov},
  publisher = {American Physical Society},
  doi = {10.1103/PhysRevLett.83.4502},
  url = {https://link.aps.org/doi/10.1103/PhysRevLett.83.4502}
}

@article{pmollermacroscopic,
  title = {New calculations of gross $\ensuremath{\beta}$-decay properties for astrophysical applications: Speeding-up the classical r process},
  author = {M\"oller, Peter and Pfeiffer, Bernd and Kratz, Karl-Ludwig},
  journal = {Phys. Rev. C},
  volume = {67},
  issue = {5},
  pages = {055802},
  numpages = {17},
  year = {2003},
  month = {May},
  publisher = {American Physical Society},
  doi = {10.1103/PhysRevC.67.055802},
  url = {https://link.aps.org/doi/10.1103/PhysRevC.67.055802}
}

@article{MCCutchen,
title = "A New Approach to Estimating the Probability for $\ensuremath{\beta}$-delayed Neutron Emission",
journal = "Nuclear Data Sheets",
volume = "120",
pages = "62 - 65",
year = "2014",
issn = "0090-3752",
doi = "https://doi.org/10.1016/j.nds.2014.07.007",
author = "E.A. McCutchan and A.A. Sonzogni and T.D. Johnson and D. Abriola and M. Birch and B. Singh",
}

@article{FRDMmoller,
  title = {New Finite-Range Droplet Mass Model and Equation-of-State Parameters},
  author = {M\"oller, Peter and Myers, William D. and Sagawa, Hiroyuki and Yoshida, Satoshi},
  journal = {Phys. Rev. Lett.},
  volume = {108},
  issue = {5},
  pages = {052501},
  numpages = {4},
  year = {2012},
  month = {Jan},
  publisher = {American Physical Society},
  doi = {10.1103/PhysRevLett.108.052501},
  url = {https://link.aps.org/doi/10.1103/PhysRevLett.108.052501}
}

@article{angerlogic,
  title={Performance of a brain PET camera based on anger-logic gadolinium oxyorthosilicate detectors.},
  author={Joel S. Karp and Suleman Surti and Margaret E. Daube-Witherspoon and Richard Freifelder and Christopher A. Cardi and L Adam and Kilian Bilger and Gerd Muehllehner},
  journal={Journal of nuclear medicine : official publication, Society of Nuclear Medicine},
  year={2003},
  volume={44 8},
  pages={1340-9}
}

@manual{AIDA,
      title  = "Technical Report For the Design, Construction and Commissioning of the
Advanced Implantation Detector Array (AIDA)",
      author = "AIDA Collaboration",
       note = "\url{http://www2.ph.ed.ac.uk/~td/AIDA/Design/tdr_aida.pdf}",
      year   = "2018 (accessed December 4, 2018)"
    }
    
    @article{VANDLE,
title = "Performance of the Versatile Array of Neutron Detectors at Low Energy (VANDLE)",
journal = "Nuclear Instruments and Methods in Physics Research Section A: Accelerators, Spectrometers, Detectors and Associated Equipment",
volume = "836",
pages = "122 - 133",
year = "2016",
issn = "0168-9002",
doi = "https://doi.org/10.1016/j.nima.2016.08.054",
author = "W.A. Peters and S. Ilyushkin and M. Madurga and C. Matei and S.V. Paulauskas and R.K. Grzywacz and D.W. Bardayan and C.R. Brune and J. Allen and J.M. Allen and Z. Bergstrom and J. Blackmon and N.T. Brewer and J.A. Cizewski and P. Copp and M.E. Howard and R. Ikeyama and R.L. Kozub and B. Manning and T.N. Massey and M. Matos and E. Merino and P.D. O'Malley and F. Raiola and C.S. Reingold and F. Sarazin and I. Spassova and S. Taylor and D. Walter",
}

  	
@article{BRIKEN,
  author={A. Tarifeño-Saldivia and J.L. Tain and C. Domingo-Pardo and F. Calviño and G. Cortés and V.H. Phong and A. Riego and J.
Agramunt and A. Algora and N. Brewer and R. Caballero-Folch and P.J. Coleman-Smith and T. Davinson and I. Dillmann and A.
Estradé and C.J. Griffin and R. Grzywacz and L.J. Harkness-Brennan and G.G. Kiss and M. Kogimtzis and M. Labiche and I.H.
Lazarus and G. Lorusso and K. Matsui and K. Miernik and F. Montes and A.I. Morales and S. Nishimura and R.D. Page and Z.S.
Podolyák and V.F.E. Pucknell and B.C. Rasco and P. Regan and B. Rubio and K.P. Rykaczewski and Y. Saito and H. Sakurai and J.
Simpson and E. Sokol and R. Surman and A. Svirkhin and S.L. Thomas and A. Tolosa and P. Woods},
  title={Conceptual design of a hybrid neutron-gamma detector for study of $\ensuremath{\beta}$-delayed neutrons at the RIB facility of RIKEN},
  journal={Journal of Instrumentation},
  volume={12},
  number={04},
  pages={P04006},
  url={http://stacks.iop.org/1748-0221/12/i=04/a=P04006},
  year={2017},
}
 @manual{wasabi,
      title  = "RIKEN Accelerator Progress Report",
      author = "S. Nishimura and G. Lorusso and Z. Xu and J. Wu and R. Gernh and H. S.
Jung and Y. K. Kwon and Z. Li and K. Steiger and H. Sakurai",
      year   = "{2013}",
      volume={46},
      number={182},
    }

@article{quenchingfactor,
title = "Semi-empirical calculation of quenching factors for ions in scintillators",
journal = "Astroparticle Physics",
volume = "33",
number = "1",
pages = "40 - 53",
year = "2010",
issn = "0927-6505",
doi = "https://doi.org/10.1016/j.astropartphys.2009.11.002",
url = "http://www.sciencedirect.com/science/article/pii/S0927650509001650",
author = "V.I. Tretyak",
}

@article{n28,
title = "Beta-decay half-lives at the N=28 shell closure",
journal = "Physics Letters B",
volume = "594",
number = "3",
pages = "252 - 259",
year = "2004",
issn = "0370-2693",
author = "S. Grévy and J.C. Angélique and P. Baumann and C. Borcea and A. Buta and G. Canchel and W.N. Catford and S. Courtin and J.M. Daugas and F. de Oliveira and P. Dessagne and Z. Dlouhy and A. Knipper and K.L. Kratz and F.R. Lecolley and J.L. Lecouey and G. Lehrsenneau and M. Lewitowicz and E. Liénard and S. Lukyanov and F. Maréchal and C. Miehé and J. Mrazek and F. Negoita and N.A. Orr and D. Pantelica and Y. Penionzhkevich and J. Péter and B. Pfeiffer and S. Pietri and E. Poirier and O. Sorlin and M. Stanoiu and I. Stefan and C. Stodel and C. Timis",
}

@article{Yokoyama2018,
author = {Yokoyama, R. and others},
journal = {submitted to Phys. Rev. Lett.},
title ={},
number = {},
pages = {},
year = {2018}
}

@article{yso2018,
author = " R. Yokoyama and M. Singh and R. Grzywacz and others",
title= {Segmented YSO scintillation detectors as a new $\beta$-implant detection tool for decay spectroscopy in fragmentation facilities},
journal = {submitted to Nucl. Instr. Meth. A},
number = {},
pages = {},
year = {2018}
}

@article{newmagicnumbers,
author = { Reiner   Krücken },
title = {Introduction to shell structure in exotic nuclei},
journal = {Contemporary Physics},
volume = {52},
number = {2},
pages = {101-120},
year  = {2011},
publisher = {Taylor & Francis},
doi = {10.1080/00107514.2010.509993}
}

@article{78Nimiguelmadurga,
  title = {Evidence for Gamow-Teller Decay of $^{78}\mathrm{Ni}$ Core from Beta-Delayed Neutron Emission Studies},
  author = {Madurga, M. and Paulauskas, S. V. and Grzywacz, R. and Miller, D. and Bardayan, D. W. and Batchelder, J. C. and Brewer, N. T. and Cizewski, J. A. and Fija\l{}kowska, A. and Gross, C. J. and Howard, M. E. and Ilyushkin, S. V. and Manning, B. and Mato\ifmmode \check{s}\else \v{s}\fi{}, M. and Mendez, A. J. and Miernik, K. and Padgett, S. W. and Peters, W. A. and Rasco, B. C. and Ratkiewicz, A. and Rykaczewski, K. P. and Stracener, D. W. and Wang, E. H. and Woli\ifmmode \acute{n}\else \'{n}\fi{}ska-Cichocka, M. and Zganjar, E. F.},
  journal = {Phys. Rev. Lett.},
  volume = {117},
  issue = {9},
  pages = {092502},
  numpages = {6},
  year = {2016},
  month = {Aug},
  publisher = {American Physical Society},
  doi = {10.1103/PhysRevLett.117.092502},
  url = {https://link.aps.org/doi/10.1103/PhysRevLett.117.092502}
}

@manual{PIXIE16,
      title  = "Pixie-16",
      author = "XIA",
       note = "\url{https://www.xia.com/DGF_Pixie-16.html}",
       year = "2018 (accessed December 4, 2018)"
    }
 @manual{estar,
      title  = "ESTAR: stopping-power and range tables for electrons",
      author = "National Institute of Standards and Technology",
       note = "\url{https://physics.nist.gov/PhysRefData/Star/Text/ESTAR.html}",
       year = "2018 (accessed December 4, 2018)"
    }   

@manual{lise,
      title  = "LISE++: Exotic Beam Production",
      author = "Michigan State University",
       note = "\url{http://lise.nscl.msu.edu/lise.html}",
       year = "2018 (accessed December 4, 2018)"
    }   
    
@article{comptonscattering,
  title = {A Quantum Theory of the Scattering of X-rays by Light Elements},
  author = {Compton, Arthur H.},
  journal = {Phys. Rev.},
  volume = {21},
  issue = {5},
  pages = {483--502},
  numpages = {0},
  year = {1923},
  month = {May},
  publisher = {American Physical Society},
  doi = {10.1103/PhysRev.21.483},
  url = {https://link.aps.org/doi/10.1103/PhysRev.21.483}
}

@book{bethebloch,
abstract = {Not quite six years have passed since the appearance of the first edition of this book. This is not a long period. Yet the rapid pace of scientific and technological development today is such that any book on experimental technique must be wary of becoming ob­ solete in some way or another even in such a short span of time. Thus, when the publisher Springer-Verlag informed me of the need for a new printing of this book, I decided it was an opportune moment to update some of the chapters as well as to include some new material. The result is this second edition. The most notable changes have been in Chapters 2 and 3. In the latter, which con­ cerns radiation protection, most of the sections have been rewritten to take into account the new recommendations from the International Commission on Radiation Protection, the most important of which are the new dose limits for exposure to ionizing radiation. In addition, emphasis has now been put on the use of SI units in dosimetry, i.e., the Gray and Sievert, which have now become standard.},
isbn = {9783642579202},
year = {1994},
title = {Techniques for Nuclear and Particle Physics Experiments : A How-to Approach},
edition = {Second Revised Edition..},
language = {eng},
author = {Leo, William R},
keywords = {Physics; Nuclear physics; Engineering},
}

@misc{KnollGlennF1989Rdam,
publisher = {Wiley},
isbn = {0471815047},
year = {1989},
title = {Radiation detection and measurement},
edition = {2nd ed..},
language = {eng},
address = {New York},
author = {Knoll, Glenn F},
keywords = {Nuclear counters; Radiation -- Measurement; Ionising radiation Detection & measurement},
lccn = {88026142},
}

@article{fermitheory,
author = {Yang, Chen Ning},
title = {Fermi's $\beta$-decay Theory},
journal = {Asia Pacific Physics Newsletter},
volume = {01},
number = {01},
pages = {27-30},
year = {2012},
doi = {10.1142/S2251158X12000045}
}
@article{wigner2009,
  title = {Large $\ensuremath{\beta}$-Delayed Neutron Emission Probabilities in the $^{78}\mathrm{Ni}$ Region},
  author = {Winger, J. A. and Ilyushkin, S. V. and Rykaczewski, K. P. and Gross, C. J. and Batchelder, J. C. and Goodin, C. and Grzywacz, R. and Hamilton, J. H. and Korgul, A. and Kr\'olas, W. and Liddick, S. N. and Mazzocchi, C. and Padgett, S. and Piechaczek, A. and Rajabali, M. M. and Shapira, D. and Zganjar, E. F. and Borzov, I. N.},
  journal = {Phys. Rev. Lett.},
  volume = {102},
  issue = {14},
  pages = {142502},
  numpages = {4},
  year = {2009},
  month = {Apr},
  publisher = {American Physical Society},
  doi = {10.1103/PhysRevLett.102.142502},
  url = {https://link.aps.org/doi/10.1103/PhysRevLett.102.142502}
}

@article{Miernik2013,
  title = {Large $\ensuremath{\beta}$-Delayed One and Two Neutron Emission Rates in the Decay of $^{86}\mathrm{Ga}$},
  author = {Miernik, K. and Rykaczewski, K. P. and Gross, C. J. and Grzywacz, R. and Madurga, M. and Miller, D. and Batchelder, J. C. and Borzov, I. N. and Brewer, N. T. and Jost, C. and Korgul, A. and Mazzocchi, C. and Mendez, A. J. and Liu, Y. and Paulauskas, S. V. and Stracener, D. W. and Winger, J. A. and Woli\ifmmode \acute{n}\else \'{n}\fi{}ska-Cichocka, M. and Zganjar, E. F.},
  journal = {Phys. Rev. Lett.},
  volume = {111},
  issue = {13},
  pages = {132502},
  numpages = {5},
  year = {2013},
  month = {Sep},
  publisher = {American Physical Society},
  doi = {10.1103/PhysRevLett.111.132502},
  url = {https://link.aps.org/doi/10.1103/PhysRevLett.111.132502}
}

@article{86Ga,
  title = {Large $\ensuremath{\beta}$-Delayed One and Two Neutron Emission Rates in the Decay of $^{86}\mathrm{Ga}$},
  author = {Miernik, K. and Rykaczewski, K. P. and Gross, C. J. and Grzywacz, R. and Madurga, M. and Miller, D. and Batchelder, J. C. and Borzov, I. N. and Brewer, N. T. and Jost, C. and Korgul, A. and Mazzocchi, C. and Mendez, A. J. and Liu, Y. and Paulauskas, S. V. and Stracener, D. W. and Winger, J. A. and Woli\ifmmode \acute{n}\else \'{n}\fi{}ska-Cichocka, M. and Zganjar, E. F.},
  journal = {Phys. Rev. Lett.},
  volume = {111},
  issue = {13},
  pages = {132502},
  numpages = {5},
  year = {2013},
  month = {Sep},
  publisher = {American Physical Society},
  doi = {10.1103/PhysRevLett.111.132502},
}

@article{MOLLER20191,
title = "Nuclear properties for astrophysical and radioactive-ion-beam applications (II)",
journal = "Atomic Data and Nuclear Data Tables",
volume = "125",
pages = "1 - 192",
year = "2019",
issn = "0092-640X",
author = "P. Möller and M.R. Mumpower and T. Kawano and W.D. Myers",
}

@article{kwano2013,
  title = {Monte Carlo Hauser-Feshbach predictions of prompt fission $\ensuremath{\gamma}$ rays: Application to ${n}_{\mathrm{th}}+{}^{235}$U, ${n}_{\mathrm{th}}+{}^{239}$Pu, and ${}^{252}$Cf (sf)},
  author = {Becker, B. and Talou, P. and Kawano, T. and Danon, Y. and Stetcu, I.},
  journal = {Phys. Rev. C},
  volume = {87},
  issue = {1},
  pages = {014617},
  numpages = {16},
  year = {2013},
  month = {Jan},
  publisher = {American Physical Society},
}








